%%%
% bibliography

@Manual{stargazer,
    title = {stargazer: Well-Formatted Regression and Summary Statistics Tables},
    author = {Marek Hlavac},
    year = {2018},
    note = {R package version 5.2.2},
    organization = {Central European Labour Studies Institute (CELSI)},
    address = {Bratislava, Slovakia},
    url = {https://CRAN.R-project.org/package=stargazer},
  }

@book{Greene,
  title={Econometric analysis},
  author={Greene, William H},
  year={2003},
  publisher={Pearson Education India}
}