%%%
% bibliography

@misc{PRB,
  title={How Many People Have Ever Lived on Earth?},
  author={Kaneda, Toshiko and Haub, Carl},
  year={2018},
  howpublished={\url{www.prb.org/howmanypeoplehaveeverlivedonearth/}},
  note = {Accessed: 2020-01-11}
  }