%%%
% bibliography

@article{card1993,
  title={Using geographic variation in college proximity to estimate the return to schooling},
  author={Card, David},
  journal={NBER working paper},
  number={w4483},
  year={1993}
}